@Article{Berry:92,
  author = 	 {Berry, Michael W.},
  title = 	 {Large Scale Singular Value Computation},
  journal = 	 {International Journal of Supercomputer Applications},
  year = 	 1992,
  volume = 	 6,
  number = 	 1,
  pages = 	 {13--49}}

@inproceedings{Dumais:etc:88,
 author = {Dumais, S. T. and Furnas, G. W. and Landauer, T. K. and Deerwester, S. and Harshman, R.},
 title = {Using latent semantic analysis to improve access to textual information},
 booktitle = {CHI '88: Proceedings of the SIGCHI conference on Human factors in computing systems},
 year = {1988},
 pages = {281--285},
 location = {Washington, DC}}
